@Book{ries:11,
 author   = {Eric Ries},
 title    = {The Lean Startup},
 publisher= {Crown Business (USA)},
 edition  = {Segunda},
 year     = {2011},
}

@Book{pressman:11,
 author = {Roger S. Pressman },
 title = {Engenharia de Software: Uma abordagem Profissional},
 publisher= {Bookman},
 edition  = {Sétima},
 year     = {2011},
}

@MastersThesis{francisco:14,
autor = {Francisco Barreto Costa Pimentel Filho},
title = {Um estudo da adoção das práticas de Lean Startup, Business Model Canvas e desenvolvimento de clientes para Startups.},
school = {Universidade Federal de Pernambuco},
year = {2014},
}

@Article{sutton:00,
author = {Stanley M. Sutton, Jr},
title = {The Role of Processin a Software Start-up},
journal = {IEEE Software ( Volume: 17, Issue: 4, Jul/Aug 2000 )},
year = {2000},
}
@Article{nicolo:14,
author = {Nicolo Paternoster, Carmine Giardino, Michael Unterkalmsteiner, Tony Gorschek, Pekka Abrahamsson},
title = {Software Development in Startup Companies: A Systematic Mapping Study},
journal = {Information    and    Software Technology},
year = {2014},
}

@Misc{rubydocs,
title = {Sobre o Ruby},
url = {https://www.ruby-lang.org/pt/about/},
}

@Misc{railswiki,
title = {Ruby on Rails},
url = {https://en.wikipedia.org/wiki/Ruby_on_Rails},
}
